<?xml version="1.0" encoding="UTF-8"?><collection xmlns="http://www.loc.gov/MARC21/slim"><record><leader>00419nam--2200157-i-4500</leader><controlfield tag="001">000049352</controlfield><controlfield tag="002">20161230</controlfield><controlfield tag="005">20170116002440</controlfield><controlfield tag="008">060222s1000------------r-----000-0-eng-d</controlfield><datafield ind1=" " ind2=" " tag="245"><subfield code="a">The chemistry of the carbonyl</subfield></datafield><datafield ind1=" " ind2=" " tag="260"><subfield code="a">London</subfield><subfield code="b">Interscience Publ</subfield><subfield code="c">1966</subfield></datafield><datafield ind1=" " ind2=" " tag="300"><subfield code="a">XII+1027 p</subfield></datafield><datafield ind1=" " ind2=" " tag="490"><subfield code="a">The Chemistry Of Functional Groups. A Series</subfield></datafield><datafield ind1=" " ind2=" " tag="700"><subfield code="a">Patai, Saul</subfield></datafield><datafield ind1=" " ind2=" " tag="852"><subfield code="a">25922</subfield></datafield><datafield ind1=" " ind2=" " tag="CAT"><subfield code="a">SYS</subfield><subfield code="c">20170116</subfield><subfield code="h">002440</subfield></datafield></record></collection>